@Book{xie2015,
  title = {Dynamic Documents with {R} and knitr},
  author = {Yihui Xie},
  publisher = {Chapman and Hall/CRC},
  address = {Boca Raton, Florida},
  year = {2015},
  edition = {2nd},
  note = {ISBN 978-1498716963},
  url = {http://yihui.org/knitr/},
}

@article{eslami2015,
	title = {Comparison of a Vascular Study Group of New England risk prediction model with established risk prediction models of in-hospital mortality after elective abdominal aortic aneurysm repair},
	author = {Eslami, Mohammad H. and Rybin, Denis and Doros, Gheorghe and Kalish, Jeffrey A. and Farber, Alik},
	year = {2015},
	month = {11},
	date = {2015-11},
	journal = {Journal of Vascular Surgery},
	pages = {1125--1133.e2},
	volume = {62},
	number = {5},
	doi = {10.1016/j.jvs.2015.06.051},
	url = {https://linkinghub.elsevier.com/retrieve/pii/S0741521415012252},
	langid = {en}
}
