
@article{
  eslami2015,
  title={Comparison of a Vascular Study Group of New England risk prediction model with established risk prediction models of in-hospital mortality after elective abdominal aortic aneurysm repair},
  volume={62},
  ISSN={07415214},
  url={https://linkinghub.elsevier.com/retrieve/pii/S0741521415012252},
  DOI={10.1016/j.jvs.2015.06.051},
  number={5},
  journal={Journal of Vascular Surgery},
  author={Eslami, Mohammad H. and Rybin, Denis and Doros, Gheorghe and Kalish, Jeffrey A. and Farber, Alik},
  year={2015},
  month={Nov},
pages={1125â€“1133.e2} }
